<?xml version="1.0" encoding="UTF-8"?><collection xmlns="http://www.loc.gov/MARC21/slim"><record><leader>00388nam--2200133-i-4500</leader><controlfield tag="001">000002923</controlfield><controlfield tag="002">20161230</controlfield><controlfield tag="005">20161230201025</controlfield><controlfield tag="008">060222s1000------------r-----000-0-eng-d</controlfield><datafield ind1=" " ind2=" " tag="080"><subfield code="a">621.395</subfield></datafield><datafield ind1=" " ind2=" " tag="100"><subfield code="a">Beyer (Dipl.- Ing. Otto)</subfield></datafield><datafield ind1=" " ind2=" " tag="245"><subfield code="a">Grundlagen der fernsprech und fernschreibtechn ik.  mit 301 bildern</subfield></datafield><datafield ind1=" " ind2=" " tag="260"><subfield code="a">Leipzig, Fachbuchverlag, 1954. Xii +226 P.Cu Figuri</subfield></datafield><datafield ind1=" " ind2=" " tag="852"><subfield code="a">112O1</subfield></datafield></record></collection>